<record><leader>00000cas a22000007a 4500</leader><controlfield tag="001">35908747</controlfield><controlfield tag="008">961113d19421942okuwr n       0    0eng d</controlfield><datafield ind1=" " ind2=" " tag="010"><subfield code="a">sn 96093173 </subfield></datafield><datafield ind1=" " ind2=" " tag="040"><subfield code="a">OBN</subfield><subfield code="b">eng</subfield><subfield code="c">OBN</subfield><subfield code="d">OCLCQ</subfield><subfield code="d">OCLCF</subfield><subfield code="d">OCLCO</subfield></datafield><datafield ind1="1" ind2=" " tag="029"><subfield code="a">AU@</subfield><subfield code="b">000012911410</subfield></datafield><datafield ind1=" " ind2=" " tag="042"><subfield code="a">msc</subfield></datafield><datafield ind1=" " ind2=" " tag="043"><subfield code="a">n-us-ok</subfield></datafield><datafield ind1="0" ind2=" " tag="130"><subfield code="a">Weekly Claremore messenger (Claremore, Okla. : 1942)</subfield></datafield><datafield ind1="1" ind2="0" tag="245"><subfield code="a">Weekly Claremore messenger.</subfield></datafield><datafield ind1=" " ind2=" " tag="260"><subfield code="a">Claremore, Okla. :</subfield><subfield code="b">James E. Hammett</subfield></datafield><datafield ind1=" " ind2=" " tag="300"><subfield code="a">v.</subfield></datafield><datafield ind1=" " ind2=" " tag="310"><subfield code="a">Weekly</subfield></datafield><datafield ind1="0" ind2=" " tag="362"><subfield code="a">Vol. 49, no. 18 (Feb. 26, 1942)-</subfield></datafield><datafield ind1="1" ind2=" " tag="362"><subfield code="a">Ceased in Dec. 1942.</subfield></datafield><datafield ind1=" " ind2="0" tag="651"><subfield code="a">Claremore (Okla.)</subfield><subfield code="v">Newspapers.</subfield></datafield><datafield ind1=" " ind2="0" tag="651"><subfield code="a">Rogers County (Okla.)</subfield><subfield code="v">Newspapers.</subfield></datafield><datafield ind1=" " ind2="7" tag="655"><subfield code="a">Newspapers.</subfield><subfield code="2">fast</subfield><subfield code="0">(OCoLC)fst01423814</subfield></datafield><datafield ind1=" " ind2="7" tag="651"><subfield code="a">Oklahoma</subfield><subfield code="z">Claremore.</subfield><subfield code="2">fast</subfield><subfield code="0">(OCoLC)fst01220565</subfield></datafield><datafield ind1=" " ind2="7" tag="651"><subfield code="a">Oklahoma</subfield><subfield code="z">Rogers County.</subfield><subfield code="2">fast</subfield><subfield code="0">(OCoLC)fst01221452</subfield></datafield><datafield ind1=" " ind2=" " tag="752"><subfield code="a">United States</subfield><subfield code="b">Oklahoma</subfield><subfield code="c">Rogers</subfield><subfield code="d">Claremore.</subfield></datafield><datafield ind1="0" ind2="0" tag="780"><subfield code="t">Daily Claremore messenger</subfield><subfield code="w">(DLC)sn 96093172</subfield><subfield code="w">(OCoLC)35906371</subfield></datafield><datafield ind1="0" ind2="0" tag="785"><subfield code="t">Claremore messenger (Claremore, Okla. : 1942)</subfield><subfield code="w">(DLC)sn 96093174</subfield><subfield code="w">(OCoLC)35908803</subfield></datafield></record>